@misc{contributors_2019,
    title={Shamir’s Secret Sharing},
    url={https://en.wikipedia.org/wiki/Shamir%27s_Secret_Sharing},
    journal={Wikipedia},
    publisher={Wikimedia Foundation},
    author={Wikipedia Contributors},
    year={2019},
    month={Oct}
}

 @misc{ruan_2020,
    title={Many-Time-Pad 攻击},
    url={https://www.ruanx.net/many-time-pad/},
    journal={Pion1eer},
    author={Ruan, Xingzhi},
    year={2020},
    month={Mar}
}